<record><leader>00000cas a2200000 a 4500</leader><controlfield tag="001">13115386</controlfield><controlfield tag="008">860206d18831901caudn ne      0    0eng c</controlfield><datafield ind1=" " ind2=" " tag="010"><subfield code="a">sn 86064442 </subfield></datafield><datafield ind1=" " ind2=" " tag="040"><subfield code="a">KSH</subfield><subfield code="b">eng</subfield><subfield code="c">KSH</subfield><subfield code="d">NPT</subfield><subfield code="d">CNK</subfield><subfield code="d">NVF</subfield><subfield code="d">CNK</subfield><subfield code="d">OCLCQ</subfield><subfield code="d">CUT</subfield><subfield code="d">CNK</subfield><subfield code="d">OCLCQ</subfield><subfield code="d">OCLCF</subfield><subfield code="d">OCLCO</subfield></datafield><datafield ind1=" " ind2=" " tag="019"><subfield code="a">213769932</subfield></datafield><datafield ind1="1" ind2=" " tag="029"><subfield code="a">AU@</subfield><subfield code="b">000025819725</subfield></datafield><datafield ind1=" " ind2=" " tag="042"><subfield code="a">pcc</subfield></datafield><datafield ind1=" " ind2=" " tag="043"><subfield code="a">n-us-ca</subfield></datafield><datafield ind1="0" ind2=" " tag="130"><subfield code="a">Daily independent (Santa Barbara, Calif.)</subfield></datafield><datafield ind1="1" ind2="0" tag="245"><subfield code="a">Daily independent.</subfield></datafield><datafield ind1=" " ind2=" " tag="260"><subfield code="a">Santa Barbara, Calif. :</subfield><subfield code="b">Independent Pub. Co.</subfield></datafield><datafield ind1=" " ind2=" " tag="300"><subfield code="a">v.</subfield></datafield><datafield ind1=" " ind2=" " tag="310"><subfield code="a">Daily (except Sunday)</subfield></datafield><datafield ind1="0" ind2=" " tag="362"><subfield code="a">Vol. 1, no. 1 (May 1, 1883)-v. 70, no. 15 (Jan. 17, 1901).</subfield></datafield><datafield ind1=" " ind2=" " tag="530"><subfield code="a">Master negatives are available for duplication from:</subfield><subfield code="b">California Newspaper Microfilm Archive;</subfield><subfield code="c">positive copies may be purchased by the reel; for further information consult the CNMA at:</subfield><subfield code="u">http://cbsr.ucr.edu</subfield></datafield><datafield ind1=" " ind2="0" tag="651"><subfield code="a">Santa Barbara (Calif.)</subfield><subfield code="v">Newspapers.</subfield></datafield><datafield ind1=" " ind2="7" tag="655"><subfield code="a">Newspapers.</subfield><subfield code="2">fast</subfield><subfield code="0">(OCoLC)fst01423814</subfield></datafield><datafield ind1=" " ind2="7" tag="651"><subfield code="a">California</subfield><subfield code="z">Santa Barbara.</subfield><subfield code="2">fast</subfield><subfield code="0">(OCoLC)fst01205842</subfield></datafield><datafield ind1=" " ind2=" " tag="752"><subfield code="a">United States</subfield><subfield code="b">California</subfield><subfield code="c">Santa Barbara</subfield><subfield code="d">Santa Barbara.</subfield></datafield><datafield ind1="0" ind2=" " tag="775"><subfield code="t">Santa Barbara independent (San Barbara, Calif. : 1878)</subfield><subfield code="w">(DLC)sn 93051514</subfield></datafield><datafield ind1="0" ind2=" " tag="775"><subfield code="t">Weekly independent (Santa Barbara, Calif.)</subfield><subfield code="w">(DLC)sn 86064443</subfield></datafield><datafield ind1="0" ind2=" " tag="775"><subfield code="t">Daily independent (Santa Barbara, Calif. : Woman's Club ed.)</subfield><subfield code="w">(DLC)sn 98061246</subfield></datafield><datafield ind1="0" ind2="0" tag="785"><subfield code="t">Independent (Santa Barbara, Calif.</subfield><subfield code="w">(DLC)sn 95061758</subfield></datafield></record>